<?xml version="1.0" encoding="UTF-8"?><collection xmlns="http://www.loc.gov/MARC21/slim"><record><leader>00350nam--2200133-i-4500</leader><controlfield tag="001">000041585</controlfield><controlfield tag="002">20161230</controlfield><controlfield tag="005">20161230201043</controlfield><controlfield tag="008">060222s1000------------r-----000-0-eng-d</controlfield><datafield ind1=" " ind2=" " tag="080"><subfield code="a">547:539.143.43.078:535.853</subfield></datafield><datafield ind1=" " ind2=" " tag="100"><subfield code="a">Silberg,Ioan</subfield></datafield><datafield ind1=" " ind2=" " tag="245"><subfield code="a">Spectrometria rmn a compusilor organici</subfield></datafield><datafield ind1=" " ind2=" " tag="260"><subfield code="a">Cluj-napoca, Ed.Dacia, 1978. 264 P</subfield></datafield><datafield ind1=" " ind2=" " tag="852"><subfield code="a">45230</subfield></datafield></record></collection>